@book{Johnstone14,
  title={Topos Theory},
  author={Johnstone, P.T.},
  isbn={9780486493367},
  lccn={13372074},
  series={Dover Books on Mathematics},
  url={https://books.google.com.ua/books?id=zO8WAgAAQBAJ},
  year={2014},
  publisher={Dover Publications}
}

@book{Goldblatt14,
  title={Topoi: The Categorial Analysis of Logic},
  author={Goldblatt, R.},
  isbn={9781483299211},
  series={Studies in Logic and the Foundations of Mathematics},
  url={https://books.google.com.ua/books?id=AprOBQAAQBAJ},
  year={2014},
  publisher={Elsevier Science}
}

@book{Jardine15,
  title={Local Homotopy Theory},
  author={Jardine, J.F.},
  isbn={9781493923007},
  series={Springer Monographs in Mathematics},
  url={https://books.google.com.ua/books?id=fpu4CQAAQBAJ},
  year={2015},
  publisher={Springer New York}
}

