
@inproceedings{Altenkirch2005,
  author = {Thorsten Altenkirch and Jonathan Grattage.},
  booktitle = {A functional quantum programming language.},
  journal = {Logic in Computer Science, Proceedings. 20th Annual IEEE Symposium LICS '05},
  year = {2005},
  publisher = {IEEE},
  pages = {249–258}
}

@inproceedings{Altenkirch2007,
  author = {Thorsten Altenkirch; Jonathan Grattage; Juliana K Vizzotto; and Amr Sabry.},
  booktitle = {An algebra of pure quantum programming.},
  journal = {Electronic Notes in Theoretical Computer Science},
  volume = {170:23–47},
  year = {2007}
}

@inproceedings{Grattage2011,
  author = {Jonathan Grattage.},
  booktitle = {An overview of qml with a concrete implementation in haskell.},
  year = {2011},
  journal = { Electronic Notes in Theoretical Computer Science
              Proceedings of the Joint 5th International Workshop on
              Quantum Physics and Logic and 4th Workshop on Developments in
               Computational Models},
  volume = {270(1):165–174},
  publisher = {QPL/DCM}
}

@inproceedings{Mortberg17,
   author = {Cyril Cohen; Thierry Coquand; Simon Huber; and Anders M¨ortberg.},
   booktitle = {Cubical Type Theory: a constructive interpretation of the univalence axiom},
   year = {2017}
}

@inproceedings{Arrighi2004,
   author = {Pablo Arrighi and Gilles Dowek.},
   booktitle = {Operational semantics for formal tensorial calculus.},
   year = {2004}
}

@inproceedings{HoTT13,
   author = {Andrej Bauer; Steve Awodey; Matthieu Sozeau; Michael Shulman; Dan Licata; Yves Bertot; Peter Dybjer; and Nicola Gambino.},
   booktitle = {Homotopy Type Theory: Univalent Foundations of Mathematics.},
   year = {2013}
}

@inproceedings{Henk93,
   author = {H. P. Barendregt.},
   booktitle = {Lambda calculi with types.},
   journal = {Handbook of Logic in Computer Science (Vol. 2)},
   pages = {117–309},
   address = {New York, NY, USA},
   year = {1992},
   publisher = {Oxford University Press, Inc.}
}

@inproceedings{Gay2005,
   author = {Simon J. Gay and Rajagopal Nagarajan.},
   pages = {145–157},
   booktitle = {Communicating quantum processes},
   journal = {Proceedings of the 32Nd ACM SIGPLAN-SIGACT Symposium on Principles of Programming Languages, POPL ’05},
   address = {New York, NY, USA.},
   publisher = {ACM},
   year = {2005}
}

@inproceedings{Green2013-2,
   author = {Alexander S Green; Peter LeFanu Lumsdaine; Neil J Ross; Peter Selinger; and Benoˆıt Valiron},
   booktitle = {Quipper: a scalable quantum programming language.},
   journal = {ACM SIGPLAN Notices, volume 48},
   pages = {333–342},
   publisher = {ACM},
   year = {2013}
}
@inproceedings{Green2013,
   author = {Alexander S Green; Peter LeFanu Lumsdaine; Neil J Ross; Peter Selinger; and Benoˆıt Valiron.},
   booktitle = {An introduction to quantum programming in quipper.},
   journal = {International Conference on Reversible Computation},
   pages = {110–124},
   publisher = {Springer},
   year = {2013}
}


@inproceedings{Lalire2004,
   author    = {Marie Lalire and Philippe Jorrand.},
   booktitle = {A process algebraic approach to concurrent and distributed quantum computation: Operational semantics.},
   year      = {2004}}

@inproceedings{Omer2003,
   author    = {Bernhard ¨Omer},
   booktitle = {Structured quantum programming.},
   year      = {2003}}

@inproceedings{Mlnarik2007,
   author    = {Hynek Mlnarik},
   booktitle = {Operational semantics and type soundness of quantum programming language lanq.},
   year      = {2007}}

@inproceedings{Sanders2000,
   author    = {J. W. Sanders and P. Zuliani},
   journal   = {In Proceedings of the 5th International Conference on Mathematics of Program Construction, MPC '00},
   booktitle = {Quantum programming},
   year      = {2000},
   publisher = {Springer-Verlag}
}

@inproceedings{Tonpa18,
  author    = {Namdak Tonpa},
  booktitle = {The systems engineering of consistent pure language with effect type system for certified applications and higher languages.},
  journal   = {AIP Conference Proceedings, volume 1982},
  year      = {2018}
}

@inproceedings{Tonder2004,
  author    = {Andre van Tonder},
  booktitle = {A lambda calculus for quantum computation.},
  journal   = {SIAM J. Comput.},
  voume     = {33(5):1109–1135},
  year      = {2004}
}

@misc{Vakar17,
  author    = {Matthijs Vakar},
  booktitle = {Syntax and semantics of linear dependent types},
  volume    = {arXiv:1405.0033},
  year      = {2014}
}
