@book{Lof72,
  title     = {The Theory of Types},
  author    = {Martin-L{\"o}f, P. and Sambin, G.},
  series    = {Studies in proof theory},
  year      = {1972}
}

@book{Lof84,
  title     = {Intuitionistic type theory},
  author    = {Martin-L{\"o}f, P. and Sambin, G.},
  series    = {Studies in proof theory},
  year      = {1984}
}

@INPROCEEDINGS{Hofmann96,
    author = {Martin Hofmann and Thomas Streicher},
    title = {The Groupoid Interpretation of Type Theory},
    booktitle = {In Venice Festschrift},
    pages = {83--111},
    year = {1996},
    publisher = {Oxford University Press}
}

@inproceedings{Mortberg17,
  author    = {Cyril Cohen and Thierry Coquand and Simon Huber and Anders M{\"{o}}rtberg},
  booktitle = {Cubical Type Theory: a constructive interpretation of the univalence axiom},
  journal   = {CoRR},
  year      = {2017}
}

@Book{HoTT,
  author =    {{The Univalent Foundations Program}},
  title =     {Homotopy Type Theory: Univalent Foundations of Mathematics},
  address =   {Institute for Advanced Study},
  year =      2013
}

@book{Bishop67,
  title={Foundations of constructive analysis},
  author={Errett Bishop},
  series={McGraw-Hill series in higher mathematics},
  publisher={McGraw-Hill},
  year={1967}
}

@inproceedings{Ulf09,
 author = {Bove, Ana and Dybjer, Peter and Norell, Ulf},
 title = {A Brief Overview of Agda --- A Functional Language with Dependent Types},
 booktitle = {Proceedings of the 22-nd International Conference on Theorem Proving in Higher Order Logics},
 pages = {73--78},
 numpages = {6},
 publisher = {Springer-Verlag},
 year = {2009}
}
