@misc{deRham,author={Felix Cherubini},
            title={Cartan Geometry in Modal Homotopy Type Theory },
            url={https://arxiv.org/pdf/1806.05966.pdf},
            year={2019}}

@misc{CHM,  author={Thierry Coquand and Simon Huber and Anders M\"{o}rtberg},
            title={On Higher Inductive Types in Cubical Type Theory},
            url={https://staff.math.su.se/anders.mortberg/papers/cubicalhits.pdf},
            year={2017}}

@misc{Huber,author={Simon Huber},
            title={On Higher Inductive Types in Cubical Type Theory},
            url={http://www.cse.chalmers.se/~simonhu/misc/hcomp.pdf},
            year={2017}}

@misc{MLTT72,author={Martin-L\"{o}f},
            title={An Intuitionistic Theory of Types},
            year={1972}}

@misc{MLTT75, author={Martin-L\"{o}f},
            title={An Intuitionistic Theory of Types: Predicative Part},
            year={1975}}

@misc{MLTT80,author={Martin-L\"{o}f},
            title={Intuitionistic Type Theory},
            url={https://raw.githubusercontent.com/michaelt/martin-lof/master/pdfs/Bibliopolis-Book-retypeset-1984.pdf},
            year={1980}}

@misc{CIC,  author={Christine Paulin-Mohring},
            title={Introduction to the Calculus of Inductive Constructions},
            url={https://hal.inria.fr/hal-01094195/document},
            year={2015}}

@misc{HTS,  author={Vladimir Voevodsky},
            title={A simple type system with two identity types},
            url={https://www.math.ias.edu/vladimir/sites/math.ias.edu.vladimir/files/HTS.pdf},
            year={2013}}

@misc{2LTT, author={Danil Annenkov and Paolo Capriotti and Nicolai Kraus and Christian Sattler},
            title={Two-Level Type Theory and Applications},
            url={https://arxiv.org/pdf/1705.03307.pdf},
            year={2019}}

@misc{CubicalAgda, author = {Andrea Vezzosi and Anders M\"{o}rtberg and Andreas Abel},
            title = {Cubical Agda: A Dependently Typed Programming Language with Univalence and Higher Inductive Types},
            url={https://staff.math.su.se/anders.mortberg/papers/cubicalagda.pdf},
            year = {2019}}

@misc{CCHM, author = {Cyril Cohen and Thierry Coquand and Simon Huber and Anders M{\"o}rtberg},
            title = {Cubical Type Theory: A Constructive Interpretation of the Univalence Axiom},
            url={https://staff.math.su.se/anders.mortberg/papers/cubicalagda.pdf},
            year = {2018}}

@article{Awodey12,
  author = {Awodey, Steve},
  title = {Type Theory and Homotopy},
  year = {2012},
  journal = {Epistemology versus Ontology: Essays on the Philosophy and Foundations of Mathematics in Honour of Per Martin-Löf},
  pages = {183--201},
  publisher = {Springer},
  note = {Completeness in categorical models of type theory}
}

@article{Coquand18,
  author = {Coquand, Thierry},
  title = {A Survey of Constructive Models of Univalence},
  year = {2018},
  journal = {Preprint or Lecture Notes},
  note = {Semantic completeness challenges in cubical systems, decidability for type checking}
}

@article{Huber17,
  author = {Huber, Simon},
  title = {Canonicity for Cubical Type Theory},
  year = {2017},
  journal = {Journal of Automated Reasoning},
  volume = {61},
  number = {1-4},
  pages = {173--205},
  note = {Proof of normalization (implying totality) and strong normalization for CCHM, adapting logical relations to cubical constructs}
}

@book{Streicher91,
  author = {Streicher, Thomas},
  title = {Semantics of Type Theory: Correctness, Completeness and Independence Results},
  year = {1991},
  publisher = {Birkhäuser},
  address = {Basel},
  note = {Normalization and totality in MLTT models}
}

@article{Bezem14,
  author = {Bezem, Marc and Coquand, Thierry and Huber, Simon},
  title = {A Model of Type Theory in Cubical Sets},
  year = {2014},
  journal = {Preprint, arXiv:1406.1731},
  note = {Consistency follows from the model}
}

@article{Shulman15,
  author = {Shulman, Michael},
  title = {Univalence for Inverse Diagrams and Homotopy Canonicity},
  year = {2015},
  journal = {Mathematical Structures in Computer Science},
  volume = {25},
  number = {5},
  pages = {1203--1277},
  note = {Discusses conservativity in HoTT-style systems}
}

@article{Hofmann97,
  author = {Hofmann, Martin},
  title = {Syntax and Semantics of Dependent Types},
  year = {1997},
  journal = {Semantics and Logics of Computation},
  pages = {79--130},
  publisher = {Cambridge University Press},
  note = {Categorical framework for extensions}
}
