@book{Lof72,
  title     = {The Theory of Types},
  author    = {Martin-L{\"o}f, P. and Sambin, G.},
  series    = {Studies in proof theory},
  year      = {1972}
}

@book{Lof84,
  title     = {Intuitionistic type theory},
  author    = {Martin-L{\"o}f, P. and Sambin, G.},
  series    = {Studies in proof theory},
  url       = {https://books.google.com.ua/books?id=\_D0ZAQAAIAAJ},
  year      = {1984},
  publisher = {Bibliopolis}
}

@inproceedings{Coq88,
    author = {Coquand, Thierry and Huet, Gerard},
    title = {The Calculus of Constructions},
    booktitle = {Information and Computation},
    year = {1988},
    issn = {0890-5401},
    pages = {95--120},
    numpages = {26},
    url = {http://dx.doi.org/10.1016/0890-5401(88)90005-3},
    doi = {10.1016/0890-5401(88)90005-3},
    acmid = {47725},
    publisher = {Academic Press, Inc.},
    address = {Duluth, MN, USA},
}

@INPROCEEDINGS{Hofmann96,
    author = {Martin Hofmann and Thomas Streicher},
    title = {The Groupoid Interpretation of Type Theory},
    booktitle = {In Venice Festschrift},
    pages = {83--111},
    year = {1996},
    publisher = {Oxford University Press}
}

@inproceedings{Henk93,
 author = {Barendregt, H. P.},
 title = {Lambda Calculi with Types},
 booktitle = {Handbook of Logic in Computer Science (Vol. 2)},
 editor = {Abramsky, S. and Gabbay, Dov M. and Maibaum, S. E.},
 year = {1992},
 isbn = {0-19-853761-1},
 pages = {117--309},
 numpages = {193},
 url = {http://dl.acm.org/citation.cfm?id=162552.162561},
 acmid = {162561},
 publisher = {Oxford University Press, Inc.},
 address = {New York, NY, USA},
}

@INPROCEEDINGS{Erik97,
    author = {Simon Peyton Jones and Erik Meijer},
    title = {Henk: A Typed Intermediate Language},
    booktitle = {In Proc. First Int'l Workshop on Types in Compilation},
    year = {1997}
}

@article{Hermida95,
  title={Fibrations with Indeterminates: Contextual and Functional Completeness for Polymorphic Lambda Calculi},
  author={Claudio Hermida and Bart Jacobs},
  journal={Mathematical Structures in Computer Science},
  year={1995},
  volume={5},
  pages={501-531}
}

@article{Curien08,
    author = {Curien, Pierre-Louis},
    day = {19},
    posted-at = {2014-08-17 22:32:18},
    priority = {2},
    title = {{Category theory: a programming language-oriented introduction}},
    url = {http://www.pps.jussieu.fr/\~{}curien/categories-pl.ps},
    year = {2008}
}

@book{MacLane71,
  added-at = {2009-09-18T21:22:09.000+0200},
  address = {New York},
  author = {MacLane, Saunders},
  biburl = {https://www.bibsonomy.org/bibtex/29e8ca8b4bf357cc41e40e98cca25cb8c/minas},
  interhash = {51566d046db4c3ea930c2b5ca79173f1},
  intrahash = {9e8ca8b4bf357cc41e40e98cca25cb8c},
  keywords = {CategoryTheory},
  mrclass = {18-02},
  mrnumber = {MR0354798 (50 \#7275)},
  mrreviewer = {H.-B. Brinkmann},
  note = {Graduate Texts in Mathematics, Vol. 5},
  pages = {ix+262},
  publisher = {Springer-Verlag},
  timestamp = {2009-09-18T21:22:09.000+0200},
  title = {Categories for the Working Mathematician},
  year = {1971}
}

@book{Lawvere09,
  title={Conceptual Mathematics: A First Introduction to Categories},
  author={Lawvere, F.W. and Schanuel, S.H.},
  isbn={9780521719162},
  lccn={2007043671},
  url={https://books.google.com.tr/books?id=ZCyqPwAACAAJ},
  year={2009},
  publisher={Cambridge University Press}
}

@inproceedings{Dybjer95,
  title={Internal type theory},
  author={Dybjer, Peter},
  booktitle={International Workshop on Types for Proofs and Programs},
  pages={120--134},
  year={1995},
  organization={Springer}
}

@article{Dybjer08,
 author = {Buisse, Alexandre and Dybjer, Peter},
 title = {The Interpretation of Intuitionistic Type Theory in Locally Cartesian Closed Categories -- an Intuitionistic Perspective},
 journal = {Electron. Notes Theor. Comput. Sci.},
 issue_date = {October, 2008},
 volume = {218},
 month = oct,
 year = {2008},
 issn = {1571-0661},
 pages = {21--32},
 numpages = {12},
 url = {http://dx.doi.org/10.1016/j.entcs.2008.10.003},
 doi = {10.1016/j.entcs.2008.10.003},
 acmid = {1455085},
 publisher = {Elsevier Science Publishers B. V.},
 address = {Amsterdam, The Netherlands, The Netherlands},
 keywords = {Coq, E-category, Martin-L\"{o}f intuitionistic type theory, locally cartesian closed category},
}

@article{Clairambault05,
  title={From categories with families to locally cartesian closed categories},
  author={Clairambault, Pierre}
}

@InProceedings{Abel08,
author="Abel, Andreas and Coquand, Thierry and Dybjer, Peter",
editor="Garrigue, Jacques and Hermenegildo, Manuel V.",
title="On the Algebraic Foundation of Proof Assistants for Intuitionistic Type Theory",
booktitle="Functional and Logic Programming",
year="2008",
publisher="Springer Berlin Heidelberg",
address="Berlin, Heidelberg",
pages="3--13",
abstract="An algebraic presentation of Martin-L{\"o}f's intuitionistic type theory is given which is based on the notion of a category with families with extra structure. We then present a type-checking algorithm for the normal forms of this theory, and sketch how it gives rise to an initial category with families with extra structure. In this way we obtain a purely algebraic formulation of the correctness of the type-checking algorithm which provides the core of proof assistants for intuitionistic type theory.",
isbn="978-3-540-78969-7"
}

@inproceedings{Seely84,
  title={Locally cartesian closed categories and type theory},
  author={Seely, Robert AG},
  booktitle={Mathematical proceedings of the Cambridge philosophical society},
  volume={95},
  number={1},
  pages={33--48},
  year={1984},
  organization={Cambridge University Press}
}

@article{Curien14,
  title={Revisiting the categorical interpretation of dependent type theory},
  author={Curien, Pierre-Louis and Garner, Richard and Hofmann, Martin},
  journal={Theoretical Computer Science},
  volume={546},
  pages={99--119},
  year={2014},
  publisher={Elsevier}
}

@article{Castellan14,
  title={Dependent type theory as the initial category with families},
  author={Castellan, Simon},
  journal={Internship Report},
  year={2014}
}

@article{Voevodsky14,
  added-at = {2014-11-17T13:16:50.000+0100},
  author = {Voevodsky, Vladimir},
  description = {A C-system defined by a universe in a category},
  keywords = {C-system HoTT universe},
  title = {A C-system defined by a universe in a category},
  url = {http://arxiv.org/abs/1409.7925},
  year = 2014
}

@book{Bishop67,
  title={Foundations of constructive analysis},
  author={Bishop, Errett},
  year={1967}
}

@book{Nordstrom90,
  title={Programming in Martin-L{\"o}fâ€™s type theory},
  author={Nordstr{\"o}m, Bengt and Petersson, Kent and Smith, Jan M},
  volume={200},
  year={1990},
  publisher={Oxford University Press Oxford}
}

@article{Hermida98,
  title={Structural induction and coinduction in a fibrational setting},
  author={Hermida, Claudio and Jacobs, Bart},
  journal={Information and computation},
  volume={145},
  number={2},
  pages={107--152},
  year={1998},
  publisher={Elsevier}
}

@article{Barthe00,
  title={Setoids in type theory},
  author={Barthe, Gilles and Capretta, Venanzio and Pons, Olivier},
  year={2000},
  publisher={Citeseer}
}

@article{Voevodsky15,
  title={A C-system defined by a universe category},
  author={Voevodsky, Vladimir},
  journal={Theory Appl. Categ},
  volume={30},
  number={37},
  pages={1181--1215},
  year={2015}
}

@article{Sozeau,
  title={Internalizing Intensional Type Theory},
  author={Sozeau, Matthieu and Tabareau, Nicolas}
}

@inproceedings{Selsam16,
  title={Congruence closure in intensional type theory},
  author={Selsam, Daniel and de Moura, Leonardo},
  booktitle={International Joint Conference on Automated Reasoning},
  pages={99--115},
  year={2016},
  organization={Springer}
}

@inproceedings{Bohm85,
  author    = {Corrado B{\"o}hm and Alessandro Berarducci},
  title     = {Automatic synthesis of typed Lambda-programs on term algebras},
  volume    = {39},
  number    = {2-3},
  bookTitle = {Theoretical Computer Science},
  year      = {1985},
  pages     = {135--154}
}

@inproceedings{Pfenning89,
  author    = {Frank Pfenning and Christine Paulin{-}Mohring},
  title     = {Inductively Defined Types in the Calculus of Constructions},
  booktitle = {Mathematical Foundations of Programming Semantics, 5th International
               Conference, Tulane University, New Orleans, Louisiana, USA, March
               29 - April 1, 1989, Proceedings},
  pages     = {209--228},
  year      = {1989},
  url       = {https://doi.org/10.1007/BFb0040259},
  doi       = {10.1007/BFb0040259},
  timestamp = {Fri, 19 May 2017 13:10:47 +0200},
  biburl    = {http://dblp.org/rec/bib/conf/mfps/PfenningP89},
  bibsource = {dblp computer science bibliography, http://dblp.org}
}

@inproceedings{Wadler90,
  booktitle={Recursive types for free},
  author={Wadler, Philip},
  year={1990},
  publisher={manuscript}
}

@inproceedings{Gambino03,
  title={Wellfounded trees and dependent polynomial functors},
  author={Gambino, Nicola and Hyland, Martin},
  booktitle={International Workshop on Types for Proofs and Programs},
  pages={210--225},
  year={2003},
  organization={Springer}
}

@inproceedings{Dybjer94,
  booktitle={Inductive families},
  author={Dybjer, Peter},
  journal={Formal aspects of computing},
  volume={6},
  number={4},
  pages={440--465},
  year={1994},
  publisher={Springer}
}

@inproceedings{Jacobs97,
  booktitle={A tutorial on (co) algebras and (co) induction},
  author={Jacobs, Bart and Rutten, Jan},
  journal={Bulletin-European Association for Theoretical Computer Science},
  volume={62},
  pages={222--259},
  year={1997},
  publisher={EUROPEAN ASSOCIATION FOR THEORETICAL COMPUTER}
}

@book{Vene00,
  title={Categorical programming with inductive and coinductive types},
  author={Vene, Varmo},
  year={2000},
  publisher={Tartu University Press}
}

@inproceedings{Basold16,
  title={Type theory based on dependent inductive and coinductive types},
  author={Basold, Henning and Geuvers, Herman},
  booktitle={Proceedings of the 31st Annual ACM/IEEE Symposium on Logic in Computer Science},
  pages={327--336},
  year={2016},
  organization={ACM}
}

@inproceedings{Hofmann94,
  title={The groupoid model refutes uniqueness of identity proofs},
  author={Hofmann, Martin and Streicher, Thomas},
  booktitle={Logic in Computer Science, 1994. LICS'94. Proceedings., Symposium on},
  pages={208--212},
  year={1994},
  organization={IEEE}
}

@book{Jacobs99,
  title={Categorical logic and type theory},
  author={Jacobs, Bart},
  volume={141},
  year={1999},
  publisher={Elsevier}
}

@article{Joyal14,
  title={Categorical homotopy type theory},
  author={Joyal, Andr{\'e}},
  journal={Slides from a talk at MIT dated},
  volume={17},
  year={2014}
}

@book{HoTT13,
  title={Homotopy Type Theory: Univalent Foundations of Mathematics},
  author={Coquand, Thierry and  Martin-L{\"o}f, Per and  Voevodsky, Vladimir and  Joyal, Andr{\'e} and  Bauer, Andrej and  Awodey, Steve and  Sozeau, Matthieu and  Shulman, Michael and  Licata, Dan and  Bertot, Yves and  Dybjer, Peter and  Gambino, Nicola},
  journal={arXiv preprint arXiv:1308.0729},
  year={2013}
}

@inproceedings{Mortberg17,
  author    = {Cyril Cohen and Thierry Coquand and Simon Huber and Anders M{\"{o}}rtberg},
  booktitle = {Cubical Type Theory: a constructive interpretation of the univalence axiom},
  journal   = {CoRR},
  volume    = {abs/1611.02108},
  year      = {2017}
}

@InProceedings{Shulman15,
author="Ahrens, Benedikt and Kapulkin, Krzysztof and Shulman, Michael",
editor="Gonz{\'a}lez, Maria del Mar and Yang, Paul C. and Gambino, Nicola and Kock, Joachim",
title="Univalent Categories and the Rezk Completion",
booktitle="Extended Abstracts Fall 2013",
year="2015",
publisher="Springer International Publishing",
address="Cham",
pages="75--76",
abstract="When formalizing category theory in traditional set-theoretic foundations, a significant discrepancy between the foundational notion of ``sameness'' -- equality -- and its practical use arises: most category-theoretic concepts are invariant under weaker notions of sameness than equality, namely isomorphism in a category or equivalence of categories. We show that this discrepancy can be avoided when formalizing category theory in Univalent Foundations.",
isbn="978-3-319-21284-5"
}

@article{Orton17,
  title={Axioms for modelling cubical type theory in a topos},
  author={Orton, Ian and Pitts, Andrew M},
  journal={arXiv preprint arXiv:1712.04864},
  year={2017}
}

@article{Huber16,
  title={Cubical intepretations of type theory},
  author={Huber, Simon},
  year={2016}
}

@article{Huber17,
  title={Canonicity for cubical type theory},
  author={Huber, Simon},
  journal={Journal of Automated Reasoning},
  pages={1--38},
  year={2017},
  publisher={Springer}
}

@article{Angiuli16,
  title={Computational higher type theory I: Abstract cubical realizability},
  author={Angiuli, Carlo and Harper, Robert and Wilson, Todd},
  journal={arXiv preprint arXiv:1604.08873},
  year={2016}
}

@article{Angiuli16,
  title={Computational higher type theory II: Dependent cubical realizability},
  author={Angiuli, Carlo and Harper, Robert},
  journal={arXiv preprint arXiv:1606.09638},
  year={2016}
}

@article{DBLP:journals/corr/abs-1802-01170,
  author    = {Thierry Coquand and
               Simon Huber and
               Anders M{\"{o}}rtberg},
  title     = {On Higher Inductive Types in Cubical Type Theory},
  journal   = {CoRR},
  volume    = {abs/1802.01170},
  year      = {2018},
  url       = {http://arxiv.org/abs/1802.01170},
  archivePrefix = {arXiv},
  eprint    = {1802.01170},
  timestamp = {Thu, 01 Mar 2018 15:00:45 +0100},
  biburl    = {https://dblp.org/rec/bib/journals/corr/abs-1802-01170},
  bibsource = {dblp computer science bibliography, https://dblp.org}
}

