@article{Speight17,
  author = {Speight, Sam},
  title = {Impredicative Encoding of Inductive Types in HoTT},
  url = {https://github.com/sspeight93/Papers/},
  year = 2017
}

@article{Awodey17,
  author = {Awodey, Steve},
  title = {Impredicative Encodings in HoTT},
  url = {https://www.newton.ac.uk/files/seminar/20170711090010001-1009680.pdf},
  year = 2017
}

