@incollection{HoTT13,
  title={Homotopy Type Theory},
  booktitle={Univalent Foundations of Mathematics},
  author={Voevodsky, Vladimir and others},
  year={2013}
}

@unpublished{Cavallo19,
  author = {Cavallo, Evan and M\"ortberg, Anders and Swan, Andrew W},
  title  = {{Unifying Cubical Models of Univalent Type Theory}},
  note   = {Preprint},
  uri = {http://www.cs.cmu.edu/~amoertbe/papers/unifying.pdf},
  year   = 2019,
}

@incollection{Lof72,
  title     = {The theory of types},
  author    = {Martin-L{\"o}f, Per and Sambin, Giovanni},
  booktitle = {Studies in proof theory},
  year      = {1972}
}

@incollection{Lof75,
  title={An intuitionistic theory of types: Predicative part},
  author={Martin-L{\"o}f, Per},
  booktitle={Studies in Logic and the Foundations of Mathematics},
  volume={80},
  pages={73--118},
  year={1975. doi:10.1016/S0049-237X(08)71945-1},
}

@incollection{Lof84,
  title     = {Intuitionistic type theory},
  author    = {Martin-L{\"o}f, Per and Sambin, Giovanni},
  booktitle = {Studies in proof theory},
  year      = {1984},
}

@incollection{Coq88,
  author = {Coquand, Thierry and Huet, Gerard},
  title = {The Calculus of Constructions},
  booktitle = {Information and Computation},
  year = {1988. doi:10.1016/0890-5401(88)90005-3},
  issn = {0890-5401},
  pages = {95--120},
  numpages = {26},
}

@incollection{Hofmann96,
  author = {Martin Hofmann and Thomas Streicher},
  title = {The Groupoid Interpretation of Type Theory},
  booktitle = {In Venice Festschrift},
  pages = {83--111},
  year = {1996},
  publisher = {Oxford University Press}
}

@incollection{Hermida95,
  title={Fibrations with Indeterminates: Contextual and Functional Completeness for Polymorphic Lambda Calculi},
  author={Claudio Hermida and Bart Jacobs},
  booktitle={Mathematical Structures in Computer Science},
  year={1995},
  volume={5},
  pages={501-531}
}

@incollection{Dybjer08,
  author = {Buisse, Alexandre and Dybjer, Peter},
  title = {The Interpretation of Intuitionistic Type Theory in Locally Cartesian Closed Categories -- an Intuitionistic Perspective},
  journal = {Electron. Notes Theor. Comput. Sci.},
  year = {2008. 10.1016/j.entcs.2008.10.003},
  pages = {21--32},
  numpages = {12},
}

@incollection{Abel08,
  author="Abel, Andreas and Coquand, Thierry and Dybjer, Peter",
  editor="Garrigue, Jacques and Hermenegildo, Manuel V.",
  title="On the Algebraic Foundation of Proof Assistants for Intuitionistic Type Theory",
  booktitle="Functional and Logic Programming",
  year="2008",
  publisher="Springer Berlin Heidelberg",
  address="Berlin, Heidelberg",
  pages="3--13",
  abstract="An algebraic presentation of Martin-L{\"o}f's intuitionistic type theory is given which is based on the notion of a category with families with extra structure. We then present a type-checking algorithm for the normal forms of this theory, and sketch how it gives rise to an initial category with families with extra structure. In this way we obtain a purely algebraic formulation of the correctness of the type-checking algorithm which provides the core of proof assistants for intuitionistic type theory.",
  isbn="978-3-540-78969-7"
}

@incollection{Curien14,
  title={Revisiting the categorical interpretation of dependent type theory},
  author={Curien, Pierre-Louis and others},
  booktitle={Theoretical Computer Science},
  volume={546},
  pages={99--119},
  year={2014. doi:10.1016/j.tcs.2014.03.003},
}

@incollection{Bishop67,
  title={Foundations of constructive analysis},
  author={Bishop, Errett},
  year={1967}
}

@incollection{Nordstrom90,
  title={Programming in Martin-L{\"o}f’s type theory},
  author={Nordstr{\"o}m, Bengt and Petersson, Kent and Smith, Jan M},
  volume={200},
  year={1990},
  publisher={Oxford University Press Oxford}
}

@incollection{Sozeau,
  title={Internalizing Intensional Type Theory},
  author={Sozeau, Matthieu and Tabareau, Nicolas}
}

@incollection{Hofmann94,
  title={The groupoid model refutes uniqueness of identity proofs},
  author={Hofmann, Martin and Streicher, Thomas},
  booktitle={Logic in Computer Science, 1994. LICS'94. Proceedings., Symposium on},
  pages={208--212},
  year={1994},
  organization={IEEE}
}

@incollection{Jacobs99,
  title={Categorical logic and type theory},
  author={Jacobs, Bart},
  volume={141},
  year={1999},
}

@incollection{Mortberg17,
  author = {Anders M{\"{o}}rtberg and others},
  title  = {Cubical Type Theory: a constructive interpretation of the univalence axiom},
  year   = {arXiv:1611.02108, 2017}
}

@incollection{Huber16,
  title={Cubical interpretations of type theory},
  author={Huber, Simon},
  booktitle={Ph.D. thesis, Dept. Comp. Sci. Eng,  University of Gothenburg},
  year={2016}
}

@incollection{Tonpa18,
  title={The systems engineering of consistent pure language with effect type system for certified applications and higher languages},
  author={Sokhatskyi, Maksym and Maslianko, Pavlo},
  booktitle={Proc. 4th Int. Conf. Mathematical Models and Computational Techniques in Science and Engineering},
  year={2018. doi:10.1063/1.5045439}
}

@incollection{Pfenning89,
  author    = {Frank Pfenning and Christine Paulin{-}Mohring},
  title     = {Inductively Defined Types in the Calculus of Constructions},
  booktitle = {Proc. 5th Int. Conf. Mathematical Foundations of Programming Semantics, Tulane University, New Orleans, Louisiana, USA, March 29–April 1, 1989, pp. 209–228.},
  pages     = {209-228},
  year      = {1989. doi:10.1007/BFb0040259}
}

@incollection{Dybjer94,
  title={Inductive families},
  author={Dybjer, Peter},
  booktitle={Formal aspects of computing},
  pages={440--465},
  year={1994. doi:10.1016/S0049-237X(08)71945-1},
}
