@book{Lof72,
  title     = {The Theory of Types},
  author    = {Martin-L{\"o}f, P. and Sambin, G.},
  series    = {Studies in proof theory},
  year      = {1972}
}

@incollection{Lof75,
  title={An intuitionistic theory of types: Predicative part},
  author={Martin-L{\"o}f, Per},
  booktitle={Studies in Logic and the Foundations of Mathematics},
  volume={80},
  pages={73--118},
  year={1975},
  publisher={Elsevier}
}

@book{Streicher91,
  author    = {Thomas Streicher},
  title     = {Semantics of type theory - correctness, completeness and independence results},
  series    = {Progress in theoretical computer science},
  publisher = {Birkh{\"{a}}user},
  year      = {1991},
  isbn      = {978-0-8176-3594-7},
  timestamp = {Wed, 17 Jul 2019 17:20:52 +0200},
  biburl    = {https://dblp.org/rec/books/daglib/0067012.bib},
}

@book{Lof84,
  title     = {Intuitionistic type theory},
  author    = {Martin-L{\"o}f, P. and Sambin, G.},
  series    = {Studies in proof theory},
  url       = {https://books.google.com.ua/books?id=\_D0ZAQAAIAAJ},
  year      = {1984},
  publisher = {Bibliopolis}
}

@inproceedings{Coq88,
  author = {Coquand, Thierry and Huet, Gerard},
  title = {The Calculus of Constructions},
  booktitle = {Information and Computation},
  year = {1988},
  issn = {0890-5401},
  pages = {95--120},
  numpages = {26},
  url = {http://dx.doi.org/10.1016/0890-5401(88)90005-3},
  doi = {10.1016/0890-5401(88)90005-3},
  acmid = {47725},
  publisher = {Academic Press, Inc.},
  address = {Duluth, MN, USA},
}

@book{Hofmann97,
  author="Hofmann, Martin",
  title="Syntax and semantics of dependent types",
  booktitle="Extensional Constructs in Intensional Type Theory",
  year="1997",
  publisher="Springer London",
  address="London",
  pages="13-54",
  isbn="978-1-4471-0963-1",
}

@INPROCEEDINGS{Hofmann96,
  author = {Martin Hofmann and Thomas Streicher},
  title = {The Groupoid Interpretation of Type Theory},
  booktitle = {In Venice Festschrift},
  pages = {83--111},
  year = {1996},
  publisher = {Oxford University Press}
}

@inproceedings{Henk93,
  author = {Barendregt, H. P.},
  title = {Lambda Calculi with Types},
  booktitle = {Handbook of Logic in Computer Science (Vol. 2)},
  editor = {Abramsky, S. and Gabbay, Dov M. and Maibaum, S. E.},
  year = {1992},
  isbn = {0-19-853761-1},
  pages = {117--309},
  numpages = {193},
  url = {http://dl.acm.org/citation.cfm?id=162552.162561},
  acmid = {162561},
  publisher = {Oxford University Press, Inc.},
  address = {New York, NY, USA},
}

@INPROCEEDINGS{Erik97,
  author = {Simon Peyton Jones and Erik Meijer},
  title = {Henk: A Typed Intermediate Language},
  booktitle = {In Proc. First Int'l Workshop on Types in Compilation},
  year = {1997}
}

@article{Hermida95,
  title={Fibrations with Indeterminates: Contextual and Functional Completeness for Polymorphic Lambda Calculi},
  author={Claudio Hermida and Bart Jacobs},
  journal={Mathematical Structures in Computer Science},
  year={1995},
  volume={5},
  pages={501-531}
}

@article{Curien08,
  author = {Curien, Pierre-Louis},
  day = {19},
  posted-at = {2014-08-17 22:32:18},
  priority = {2},
  title = {{Category theory: a programming language-oriented introduction}},
  url = {http://www.pps.jussieu.fr/\~{}curien/categories-pl.ps},
  year = {2008}
}

@book{MacLane71,
  added-at = {2009-09-18T21:22:09.000+0200},
  address = {New York},
  author = {MacLane, Saunders},
  biburl = {https://www.bibsonomy.org/bibtex/29e8ca8b4bf357cc41e40e98cca25cb8c/minas},
  interhash = {51566d046db4c3ea930c2b5ca79173f1},
  intrahash = {9e8ca8b4bf357cc41e40e98cca25cb8c},
  keywords = {CategoryTheory},
  mrclass = {18-02},
  mrnumber = {MR0354798 (50 \#7275)},
  mrreviewer = {H.-B. Brinkmann},
  note = {Graduate Texts in Mathematics, Vol. 5},
  pages = {ix+262},
  publisher = {Springer-Verlag},
  timestamp = {2009-09-18T21:22:09.000+0200},
  title = {Categories for the Working Mathematician},
  year = {1971}
}

@book{Lawvere09,
  title={Conceptual Mathematics: A First Introduction to Categories},
  author={Lawvere, F.W. and Schanuel, S.H.},
  isbn={9780521719162},
  lccn={2007043671},
  url={https://books.google.com.tr/books?id=ZCyqPwAACAAJ},
  year={2009},
  publisher={Cambridge University Press}
}

@inproceedings{Dybjer95,
  title={Internal type theory},
  author={Dybjer, Peter},
  booktitle={International Workshop on Types for Proofs and Programs},
  pages={120--134},
  year={1995},
  organization={Springer}
}

@article{Dybjer08,
  author = {Buisse, Alexandre and Dybjer, Peter},
  title = {The Interpretation of Intuitionistic Type Theory in Locally Cartesian Closed Categories -- an Intuitionistic Perspective},
  journal = {Electron. Notes Theor. Comput. Sci.},
  issue_date = {October, 2008},
  volume = {218},
  month = oct,
  year = {2008},
  issn = {1571-0661},
  pages = {21--32},
  numpages = {12},
  url = {http://dx.doi.org/10.1016/j.entcs.2008.10.003},
  doi = {10.1016/j.entcs.2008.10.003},
  acmid = {1455085},
  publisher = {Elsevier Science Publishers B. V.},
  address = {Amsterdam, The Netherlands, The Netherlands},
  keywords = {Coq, E-category, Martin-L\"{o}f intuitionistic type theory, locally cartesian closed category},
}

@article{Clairambault05,
  title={From categories with families to locally cartesian closed categories},
  author={Clairambault, Pierre}
}

@InProceedings{Abel08,
  author="Abel, Andreas and Coquand, Thierry and Dybjer, Peter",
  editor="Garrigue, Jacques and Hermenegildo, Manuel V.",
  title="On the Algebraic Foundation of Proof Assistants for Intuitionistic Type Theory",
  booktitle="Functional and Logic Programming",
  year="2008",
  publisher="Springer Berlin Heidelberg",
  address="Berlin, Heidelberg",
  pages="3--13",
  abstract="An algebraic presentation of Martin-L{\"o}f's intuitionistic type theory is given which is based on the notion of a category with families with extra structure. We then present a type-checking algorithm for the normal forms of this theory, and sketch how it gives rise to an initial category with families with extra structure. In this way we obtain a purely algebraic formulation of the correctness of the type-checking algorithm which provides the core of proof assistants for intuitionistic type theory.",
  isbn="978-3-540-78969-7"
}

@inproceedings{Seely84,
  title={Locally cartesian closed categories and type theory},
  author={Seely, Robert AG},
  booktitle={Mathematical proceedings of the Cambridge philosophical society},
  volume={95},
  pages={33--48},
  year={1984},
  organization={Cambridge University Press}
}

@article{Curien14,
  title={Revisiting the categorical interpretation of dependent type theory},
  author={Curien, Pierre-Louis and Garner, Richard and Hofmann, Martin},
  journal={Theoretical Computer Science},
  volume={546},
  pages={99--119},
  year={2014},
  publisher={Elsevier}
}

@article{Castellan14,
  title={Dependent type theory as the initial category with families},
  author={Castellan, Simon},
  journal={Internship Report},
  year={2014}
}

@article{Voevodsky14,
  added-at = {2014-11-17T13:16:50.000+0100},
  author = {Voevodsky, Vladimir},
  description = {A C-system defined by a universe in a category},
  keywords = {C-system HoTT universe},
  title = {A C-system defined by a universe in a category},
  url = {http://arxiv.org/abs/1409.7925},
  year = 2014
}

@book{Bishop67,
  title={Foundations of constructive analysis},
  author={Bishop, Errett},
  year={1967}
}

@book{Nordstrom90,
  title={Programming in Martin-L{\"o}fâ€™s type theory},
  author={Nordstr{\"o}m, Bengt and Petersson, Kent and Smith, Jan M},
  volume={200},
  year={1990},
  publisher={Oxford University Press Oxford}
}

@article{Hermida98,
  title={Structural induction and coinduction in a fibrational setting},
  author={Hermida, Claudio and Jacobs, Bart},
  journal={Information and computation},
  volume={145},
  number={2},
  pages={107--152},
  year={1998},
  publisher={Elsevier}
}

@article{Barthe00,
  title={Setoids in type theory},
  author={Barthe, Gilles and Capretta, Venanzio and Pons, Olivier},
  year={2000},
  publisher={Citeseer}
}

@article{Voevodsky15,
  title={A C-system defined by a universe category},
  author={Voevodsky, Vladimir},
  journal={Theory Appl. Categ},
  volume={30},
  number={37},
  pages={1181--1215},
  year={2015}
}

@article{Sozeau,
  title={Internalizing Intensional Type Theory},
  author={Sozeau, Matthieu and Tabareau, Nicolas}
}

@inproceedings{Selsam16,
  title={Congruence closure in intensional type theory},
  author={Selsam, Daniel and de Moura, Leonardo},
  booktitle={International Joint Conference on Automated Reasoning},
  pages={99--115},
  year={2016},
  organization={Springer}
}

@inproceedings{Bohm85,
  author    = {Corrado B{\"o}hm and Alessandro Berarducci},
  title     = {Automatic synthesis of typed Lambda-programs on term algebras},
  volume    = {39},
  number    = {2-3},
  bookTitle = {Theoretical Computer Science},
  year      = {1985},
  pages     = {135--154}
}

@inproceedings{Pfenning89,
  author    = {Frank Pfenning and Christine Paulin{-}Mohring},
  title     = {Inductively Defined Types in the Calculus of Constructions},
  booktitle = {Mathematical Foundations of Programming Semantics, 5th International
               Conference, Tulane University, New Orleans, Louisiana, USA, March
               29 - April 1, 1989, Proceedings},
  pages     = {209--228},
  year      = {1989},
  url       = {https://doi.org/10.1007/BFb0040259},
  doi       = {10.1007/BFb0040259},
  timestamp = {Fri, 19 May 2017 13:10:47 +0200},
  biburl    = {http://dblp.org/rec/bib/conf/mfps/PfenningP89},
  bibsource = {dblp computer science bibliography, http://dblp.org}
}

@inproceedings{Wadler90,
  booktitle={Recursive types for free},
  author={Wadler, Philip},
  year={1990},
  publisher={manuscript}
}

@inproceedings{Gambino03,
  title={Wellfounded trees and dependent polynomial functors},
  author={Gambino, Nicola and Hyland, Martin},
  booktitle={International Workshop on Types for Proofs and Programs},
  pages={210--225},
  year={2003},
  organization={Springer}
}

@inproceedings{Dybjer94,
  booktitle={Inductive families},
  author={Dybjer, Peter},
  journal={Formal aspects of computing},
  volume={6},
  number={4},
  pages={440--465},
  year={1994},
  publisher={Springer}
}

@inproceedings{Jacobs97,
  booktitle={A tutorial on (co) algebras and (co) induction},
  author={Jacobs, Bart and Rutten, Jan},
  journal={Bulletin-European Association for Theoretical Computer Science},
  volume={62},
  pages={222--259},
  year={1997},
  publisher={EUROPEAN ASSOCIATION FOR THEORETICAL COMPUTER}
}

@book{Vene00,
  title={Categorical programming with inductive and coinductive types},
  author={Vene, Varmo},
  year={2000},
  publisher={Tartu University Press}
}

@inproceedings{Basold16,
  title={Type theory based on dependent inductive and coinductive types},
  author={Basold, Henning and Geuvers, Herman},
  booktitle={Proceedings of the 31st Annual ACM/IEEE Symposium on Logic in Computer Science},
  pages={327--336},
  year={2016},
  organization={ACM}
}

@inproceedings{Hofmann94,
  title={The groupoid model refutes uniqueness of identity proofs},
  author={Hofmann, Martin and Streicher, Thomas},
  booktitle={Logic in Computer Science, 1994. LICS'94. Proceedings., Symposium on},
  pages={208--212},
  year={1994},
  organization={IEEE}
}

@article{Jacobs93,
  author = {Jacobs, Bart},
  journal = {Theoretical Computer Science },
  keywords = {category comprehension theory type},
  number = 2,
  pages = {169--207},
  title = {Comprehension categories and the semantics of type dependency },
  url = {http://www.sciencedirect.com/science/article/pii/030439759390169T},
  volume = 107,
  year = 1993
}

@book{Jacobs99,
  title={Categorical logic and type theory},
  author={Jacobs, Bart},
  volume={141},
  year={1999},
  publisher={Elsevier}
}

@article{Joyal14,
  title={Categorical homotopy type theory},
  author={Joyal, Andr{\'e}},
  journal={Slides from a talk at MIT dated},
  volume={17},
  year={2014}
}

@book{HoTT13,
  title={Homotopy Type Theory: Univalent Foundations of Mathematics},
  author={Coquand, Thierry and  Martin-L{\"o}f, Per and  Voevodsky, Vladimir and  Joyal, Andr{\'e} and  Bauer, Andrej and  Awodey, Steve and  Sozeau, Matthieu and  Shulman, Michael and  Licata, Dan and  Bertot, Yves and  Dybjer, Peter and  Gambino, Nicola},
  journal={arXiv preprint arXiv:1308.0729},
  year={2013}
}

@inproceedings{Mortberg17,
  author    = {Cyril Cohen and Thierry Coquand and Simon Huber and Anders M{\"{o}}rtberg},
  booktitle = {Cubical Type Theory: a constructive interpretation of the univalence axiom},
  journal   = {CoRR},
  volume    = {abs/1611.02108},
  year      = {2017}
}

@InProceedings{Shulman15,
  author="Ahrens, Benedikt and Kapulkin, Krzysztof and Shulman, Michael",
  editor="Gonz{\'a}lez, Maria del Mar and Yang, Paul C. and Gambino, Nicola and Kock, Joachim",
  title="Univalent Categories and the Rezk Completion",
  booktitle="Extended Abstracts Fall 2013",
  year="2015",
  publisher="Springer International Publishing",
  address="Cham",
  pages="75--76",
  abstract="When formalizing category theory in traditional set-theoretic foundations, a significant discrepancy between the foundational notion of ``sameness'' -- equality -- and its practical use arises: most category-theoretic concepts are invariant under weaker notions of sameness than equality, namely isomorphism in a category or equivalence of categories. We show that this discrepancy can be avoided when formalizing category theory in Univalent Foundations.",
  isbn="978-3-319-21284-5"
}

@article{Orton17,
  title={Axioms for modelling cubical type theory in a topos},
  author={Orton, Ian and Pitts, Andrew M},
  journal={arXiv preprint arXiv:1712.04864},
  year={2017}
}

@article{Huber16,
  title={Cubical intepretations of type theory},
  author={Huber, Simon},
  year={2016}
}

@article{Huber17,
  title={Canonicity for cubical type theory},
  author={Huber, Simon},
  journal={Journal of Automated Reasoning},
  pages={1--38},
  year={2017},
  publisher={Springer}
}

@article{Angiuli16,
  title={Computational higher type theory I: Abstract cubical realizability},
  author={Angiuli, Carlo and Harper, Robert and Wilson, Todd},
  journal={arXiv preprint arXiv:1604.08873},
  year={2016}
}

@article{Angiuli162,
  title={Computational higher type theory II: Dependent cubical realizability},
  author={Angiuli, Carlo and Harper, Robert},
  journal={arXiv preprint arXiv:1606.09638},
  year={2016}
}

@inproceedings{Ore92,
  title = "The Extended Calculus of Constructions (ECC) with inductive types",
  booktitle = "Information and Computation",
  volume = "99",
  number = "2",
  pages = "231 - 264",
  year = "1992",
  issn = "0890-5401",
  doi = "https://doi.org/10.1016/0890-5401(92)90031-A",
  url = "http://www.sciencedirect.com/science/article/pii/089054019290031A",
  author = "Christian-Emil Ore"
}

@Inbook{Barthe95,
  author="Barthe, Gilles",
  editor="Dezani-Ciancaglini, Mariangiola
  and Plotkin, Gordon",
  title="Extensions of pure type systems",
  bookTitle="Typed Lambda Calculi and Applications: Second International Conference on Typed Lambda Calculi and Applications, TLCA '95 Edinburgh, United Kingdom, April 10--12, 1995 Proceedings",
  year="1995",
  publisher="Springer Berlin Heidelberg",
  address="Berlin, Heidelberg",
  pages="16--31",
  abstract="We extend pure type systems with quotient types and subset types and establish an equivalence between four strong normalisation problems: subset types, quotient types, definitions and the so-called K-rules. As a corollary, we get strong normalisation of ECC with definitions, subset and quotient types.",
  isbn="978-3-540-49178-1",
  doi="10.1007/BFb0014042",
  url="https://doi.org/10.1007/BFb0014042"
}

@inproceedings{Fu14,
  author    = {Peng Fu and Aaron Stump},
  title     = {Self Types for Dependently Typed Lambda Encodings},
  booktitle = {Rewriting and Typed Lambda Calculi - Joint International Conference,
               {RTA-TLCA} 2014, Held as Part of the Vienna Summer of Logic, {VSL}
               2014, Vienna, Austria, July 14-17, 2014. Proceedings},
  pages     = {224--239},
  year      = {2014},
  url       = {https://doi.org/10.1007/978-3-319-08918-8_16},
  doi       = {10.1007/978-3-319-08918-8_16},
  timestamp = {Tue, 23 May 2017 01:10:28 +0200},
  biburl    = {http://dblp.org/rec/bib/conf/rta/FuS14},
}

@inproceedings{Stump17,
  title     = {The calculus of dependent lambda eliminations},
  volume    = {27},
  DOI       = {10.1017/S0956796817000053},
  booktitle = {Journal of Functional Programming},
  publisher = {Cambridge University Press},
  year      = {2017},
  author    = {Stump, Aaron}
}

@inproceedings{Tonpa18,
  title={The systems engineering of consistent pure language with effect type system for certified applications and higher languages},
  author={Sokhatskyi, Maksym and Maslianko, Pavlo},
  booktitle={AIP Conference Proceedings},
  volume={1982},
  number={1},
  pages={020033},
  year={2018},
  organization={AIP Publishing}
}

@Inbook{Geuvers01,
  author    = "Geuvers, Herman",
  editor    = "Abramsky, Samson",
  title     = "Induction Is Not Derivable in Second Order Dependent Type Theory",
  bookTitle = "Typed Lambda Calculi and Applications: 5th International Conference, TLCA 2001 Krak{\'o}w, Poland, May 2--5, 2001 Proceedings",
  year      = "2001",
  publisher = "Springer Berlin Heidelberg",
  address   = "Berlin, Heidelberg",
  pages     = "166--181",
  abstract  = "This paper proves the non-derivability of induction in second order dependent type theory ($\lambda$P2). This is done by providing a model construction for $\lambda$P2, based on a saturated sets like interpretation of types as sets of terms of a weakly extensional combinatory algebra. We give counter-models in which the induction principle over natural numbers is not valid. The proof does not depend on the specific encoding for natural numbers that has been chosen (like e.g. polymorphic Church numerals), so in fact we prove that there can not be an encoding of natural numbers in $\lambda$P2 such that the induction principle is satisfied. The method extends immediately to other data types, like booleans, lists, trees, etc.",
  isbn      = "978-3-540-45413-7",
  doi       = "10.1007/3-540-45413-6_16",
  url       = "https://doi.org/10.1007/3-540-45413-6_16"
}

@Inbook{deBruijn83,
  author="de Bruijn, N. G.",
  editor="Siekmann, J{\"o}rg H. and Wrightson, Graham",
  title="AUTOMATH, a Language for Mathematics",
  bookTitle="Automation of Reasoning: 2: Classical Papers on Computational Logic 1967--1970",
  year="1983",
  publisher="Springer Berlin Heidelberg",
  address="Berlin, Heidelberg",
  pages="159--200",
  abstract="AUTOMATH is a language intended for expressing detailed mathematical thoughts. It is not a programming language, although it has several features in common with existing programming languages. It is defined by a grammar, and every text written according to its rules is claimed to correspond to correct mathematics. It can be used to express a large part (see 1.6) of mathematics, and admits many ways for laying the foundations. The rules are such that a computer can be instructed to check whether texts written in the language are correct. These texts are not restricted to proofs of single theorems; they can contain entire mathematical theories, including the rules of inference used in such theories.",
  isbn="978-3-642-81955-1",
  doi="10.1007/978-3-642-81955-1_11",
  url="https://pure.tue.nl/ws/files/2039924/256169.pdf"
}

@book{Johnstone14,
  title={Topos Theory},
  author={Johnstone, P.T.},
  isbn={9780486493367},
  lccn={13372074},
  series={Dover Books on Mathematics},
  url={https://books.google.com.ua/books?id=zO8WAgAAQBAJ},
  year={2014},
  publisher={Dover Publications}
}

@book{Goldblatt14,
  title={Topoi: The Categorial Analysis of Logic},
  author={Goldblatt, R.},
  isbn={9781483299211},
  series={Studies in Logic and the Foundations of Mathematics},
  url={https://books.google.com.ua/books?id=AprOBQAAQBAJ},
  year={2014},
  publisher={Elsevier Science}
}

@book{Jardine15,
  title={Local Homotopy Theory},
  author={Jardine, J.F.},
  isbn={9781493923007},
  series={Springer Monographs in Mathematics},
  url={https://books.google.com.ua/books?id=fpu4CQAAQBAJ},
  year={2015},
  publisher={Springer New York}
}

@article{Speight17,
  author = {Speight, Sam},
  title = {Impredicative Encoding of Inductive Types in HoTT},
  url = {https://github.com/sspeight93/Papers/},
  year = 2017
}

@article{Awodey17,
  author = {Awodey, Steve},
  title = {Impredicative Encodings in HoTT},
  url = {https://www.newton.ac.uk/files/seminar/20170711090010001-1009680.pdf},
  year = 2017
}

@article{Awodey17NaturalModels,
  title={Natural models of homotopy type theory},
  author={Steve Awodey},
  year={2017},
}

@article{Coquand17Stack,
      title={Stack Semantics of Type Theory}, 
      author={Thierry Coquand and Bassel Mannaa and Fabian Ruch},
      year={2017},
}

@book{Quillen67,
  author = {Quillen, Daniel G.},
  publisher = {Springer},
  title = {Homotopical algebra},
  year = 1967
}

@INPROCEEDINGS {Ehrhard88,
  author = {T. Ehrhard},
  booktitle = {Proceedings Third Annual Symposium on Logic in Computer Science},
  title = {A categorical semantics of constructions},
  year = {1988},
  volume = {},
  issn = {},
  pages = {264--273},
  keywords = {logic},
  doi = {10.1109/LICS.1988.5125},
  url = {https://doi.ieeecomputersociety.org/10.1109/LICS.1988.5125},
  publisher = {IEEE Computer Society},
  address = {Los Alamitos, CA, USA},
}

@BOOK{SGA1,
    AUTHOR = "Grothendieck, Alexander",
    TITLE = "Rev\^etements \'etales et groupe fondamental (SGA 1)",
    PUBLISHER = "Springer-Verlag",
    YEAR = "1971",
    SERIES = "Lecture notes in mathematics",
    VOLUME = "224"
}

@article{Cartmell86,
  title = {Generalised algebraic theories and contextual categories},
  journal = {Annals of Pure and Applied Logic},
  volume = {32},
  pages = {209-243},
  year = {1986},
  issn = {0168-0072},
  doi = {https://doi.org/10.1016/0168-0072(86)90053-9},
  url = {https://www.sciencedirect.com/science/article/pii/0168007286900539},
  author = {John Cartmell}
}

@article{Lumsdaine15,
   title={The Local Universes Model},
   volume={16},
   ISSN={1557-945X},
   url={http://dx.doi.org/10.1145/2754931},
   DOI={10.1145/2754931},
   journal={ACM Transactions on Computational Logic},
   publisher={Association for Computing Machinery (ACM)},
   author={Lumsdaine, Peter Lefanu and Warren, Michael A.},
   year={2015},
   month={Jul},
   pages={1â€“31}
}

